<?xml version="1.0" encoding="UTF-8"?><collection xmlns="http://www.loc.gov/MARC21/slim"><record><leader>00407nam--2200121-i-4500</leader><controlfield tag="001">000026739</controlfield><controlfield tag="002">20161230</controlfield><controlfield tag="005">20161230201036</controlfield><controlfield tag="008">060222s1000------------r-----000-0-eng-d</controlfield><datafield ind1=" " ind2=" " tag="080"><subfield code="a">621</subfield></datafield><datafield ind1=" " ind2=" " tag="245"><subfield code="a">Ijnstructiuni tehnice pt.montarea, exploatarea si repararea conductelor de abur cu apa fierbinte sub presiune. ed.oficiala</subfield></datafield><datafield ind1=" " ind2=" " tag="260"><subfield code="a">Bucuresti, Ed.De Stat Pt.Imprimate Si P Ublicatii, 1967. 47p</subfield></datafield><datafield ind1=" " ind2=" " tag="852"><subfield code="a">27037</subfield></datafield></record></collection>